@inproceedings{Bartlett-2011-DCC,
	Author = {N. Bartlett and F. Wood},
	Booktitle = {Data Compression Conference},
	Title = {Deplump for Streaming Data},
	Pages = {363--372},
	Year = {2011}}
