@inproceedings{Bartlett-2010-ICML,
	Author = {N. Bartlett and D. Pfau and F. Wood},
	Booktitle = {Proceedings of the 26th International Conference on Machine Learning},
	Date-Modified = {2010-04-20 16:41:36 -0400},
	Title = {Forgetting Counts : Constant Memory Inference for a Dependent Hierarchical {P}itman-{Y}or Process},
	Year = {2010},Pages = {63--70}}
	
}
