@article{Dewar-2012-TPAMI,
	Author = {M. Dewar and C. Wiggins and F. Wood},
	Journal = {IEEE Transactions in Pattern Analysis and Machine Intelligence},
	Pages = {To Appear},
	Title = {Inference in Hiddern Markov Models with Explicit State Duration Distributions},
	Volume = {},
	Year = {2012}}
