@inproceedings{Gasthaus-2008-NIPS,
	Author = {J. Gasthaus and F. Wood and D. G\"{o}r\"{u}r and Y.W. Teh},
	Booktitle = {Advances in Neural Information Processing Systems},
	Pages = {497--504},
	Title = {Dependent {D}irichlet Process Spike Sorting},
	Year = {2009}}
