@inproceedings{Gasthaus-2010-DCC,
	Author = {J. Gasthaus and F. Wood and Y.W. Teh},
	Booktitle = {Data Compression Conference},
	pages = {337--345},
	Title = {Lossless compression based on the {S}equence {M}emoizer },
	Year = {2010}}
