@article{Gillilan-1995-CompGraphics,
	Author = {R.~E. Gillilan and F. Wood},
	Journal = {Computer Graphics},
	Pages = {55--58},
	Title = {Visualization, Virtual Reality, and Animation within the Data Flow Model of Computing},
	Volume = {29},
	Year = {1995}}
