@article{Grollman-2009-AR,
	Author = {D.~H. Grollman and O.~C. Jenkins and F. Wood},
	Journal = {Journal of Autonomous Robots},
	Title = {Learning multimap policies from demonstration},
	Year = {Submitted 2008}}
