@inproceedings{Kim-2006-BioRob,
	Author = {S.~P. Kim and F. Wood and M.~J. Black},
	Booktitle = {The First IEEE / RAS-EMBS International Conference on Biomedical Robotics and Biomechatronics},
	Pages = {259--299},
	Title = {Statistical Analysis of the Non-stationarity of Neural Population Codes},
	Year = {2006}}
