@inproceedings{Smith-2012-AISTATS,
	Author = {C. Smith and F. Wood and L. Paninski},
	Booktitle = {Artificial Intelligence and Statistics},
	Pages = {To Appear},
	Title = { Low rank continuous-space graphical models},
	Year = {2012}}
