@inproceedings{Wood-2005-EMBS,
	Author = {F. Wood and Prabhat and J.~P. Donoghue and M.~J. Black},
	Booktitle = {Proceedings of the 27th IEEE Conference on Engineering in Medicine and Biological Systems},
	Pages = {149--152},
	Title = {Inferring Attentional State and Kinematics from Motor Cortical Firing Rates},
	Year = {2005}}
