@article{Wood-2008-JNM,
	Author = {F. Wood and M.~J. Black},
	Journal = {Journal of Neuroscience Methods},
	Pages = {1--12},
	Title = {A Non-parametric {B}ayesian alternative to spike sorting},
	Volume = {173},
	Year = {2008}}
