@inproceedings{Wood-2004-EMBS,
	Author = {F. Wood and M. Fellows and J.~P. Donoghue and M.~J. Black},
	Booktitle = {Proceedings of the 27th IEEE Conference on Engineering in Medicine and Biological Systems},
	Pages = {4126-4129},
	Title = {Automatic Spike Sorting for Neural Decoding},
	Year = {2004}}
