@inproceedings{Wood-2011-NIPSNPBAYES,
	Author = {F. Wood},
	Booktitle = {NIPS Nonparametric {B}ayes Workshop},
	Title = {Modeling Streaming Data In the Absence of Sufficiency},
	Year = {2011}}
