@article{Wood-2011-CACM,
    author = {F. Wood and J. Gasthaus and C. Archambeau and L. James and Y.W. Teh},
    title = "The Sequence Memoizer",
    year = "2011",
    volume = "54",
    number = "2",
    pages = "91--98",
    journal = "Communications of the ACM",
    publisher = "ACM Press",
}
