@article{Wood-1996-IEEE-CompGraphics,
	Author = {F. Wood and D. Brown and B. Amidon and J. Alferness and B. Joseph and R.~E. Gillilan and C. Faerman},
	Journal = {IEEE Computer Graphics and Applications},
	Pages = {72--78},
	Title = {Windowing and Telecollaboration for Virtual Reality with Applications to the Study of a Tropical Disease},
	Volume = {16},
	Year = {1996}}
