@inproceedings{Wood-2006-NIPS,
	Author = {F. Wood and T.~L. Griffiths},
	Booktitle = {Advances in Neural Information Processing Systems},
	Pages = {1513--1520},
	Title = {Particle Filtering for Non-Parametric {B}ayesian Matrix Factorization},
	Year = {2006}}
