@book{bar,
    author = "bar",
    title = "bar",
    year = 1985,
    publisher = "{MIT Press}",
    comments = ""}
