% This file was created with JabRef 2.4.2.
% Encoding: UTF-8

@article{Chen:CSL99,
  title={{An empirical study of smoothing techniques for language modeling}},
  author={Chen, S.F. and Goodman, J.},
  journal={Computer Speech and Language},
  volume={13},
  number={4},
  pages={359--394},
  year={1999},
}

@article{Cleary95unboundedlength,
    author = {John G. Cleary and W. J. Teahan},
    title = {Unbounded length contexts for {PPM}},
    journal = {The Computer Journal},
    year = {1997},
    volume=40,
    pages = {67-75}
}


@article{csatoo02,
author = {L.~Csat\'o and M.~Opper.},
title = {Sparse online {G}aussian processes},
journal = {Neural Computation},
issue = {14},
pages = {641--668},
year = { 2002}
}

@article{quinonerocandela2005uvs,
  title={{A unifying view of sparse approximate Gaussian process regression}},
  author={Qui{\~n}onero-Candela, J. and Rasmussen, C.E.},
  journal={The Journal of Machine Learning Research},
  volume={6},
  pages={1939--1959},
  year={2005},
  publisher={MIT Press Cambridge, MA, USA}
}

@article{shannon1950,
  author = {Shannon, C.E.},
  title = {Prediction and entropy of printed English},
  institution = {Bell System Technical Journal},
  year = {1951},
  pages={50--64}
}

@TECHREPORT{maceachern2000ddp,
  author = {MacEachern, S. N.},
  title = {Dependent Dirichlet Processes},
  institution = {Department of Statistics, Ohio State University},
  year = {2000}
}
@INPROCEEDINGS{caron2007gpu,
  author = {Caron, F. and Davy, M. and Doucet, A.},
  title = {Generalized Polya Urn for Time-varying {D}irichlet Process Mixtures},
  booktitle = {23rd Conference on Uncertainty in Artificial Intelligence (UAI'2007),
	Vancouver, Canada, July 2007},
  year = {2007},
  abstract = {Dirichlet Process Mixtures (DPMs) are a popular class of statistical
	models to perform density estimation and clustering. However, when
	the data available have a distribution evolving over time, such models
	are inadequate. We introduce here a class of time-varying DPMs which
	ensures that at each time step the random distribution follows a
	DPM model. Our model relies on an intuitive and simple generalized
	Polya urn scheme. Inference is performed using Markov chain Monte
	Carlo and Sequential Monte Carlo. We demonstrate our model on various
	applications.},
  owner = {sm},
  pdf = {caron2007gpu.pdf},
  timestamp = {2008.01.22}
}

@techreport{mahoney:awc,
  title={{Adaptive weighing of context models for lossless data compression}},
  year = {2005},
  author={Mahoney, M. V.},
  institution={Florida Tech. Technical Report CS-2005-16, 2005}
}

@inproceedings{kimura2005sdc,
  title={{A survey on data compression in wireless sensor networks}},
  author={Kimura, N. and Latifi, S.},
  booktitle={Information Technology: Coding and Computing, 2005. ITCC 2005. International Conference on},
  volume={2},
  year={2005}
}

@article{barr2006eal,
  title={{Energy-aware lossless data compression}},
  author={Barr, K.C. and Asanovi{\'c}, K.},
  journal={ACM Transactions on Computer Systems (TOCS)},
  volume={24},
  number={3},
  pages={250--291},
  year={2006},
  publisher={ACM New York, NY, USA}
}


@ARTICLE{Begleiter:JAIR04,
  author = {R. Begleiter and R. El-Yaniv and G. Yona},
  title = {On Prediction Using Variable Order {M}arkov Models},
  journal = {Journal of Artificial Intelligence Research},
  year = {2004},
  volume = {22},
  pages = {385--421}
}

@ARTICLE{Bengio:JMLR03,
  author = {Y. Bengio and R. Ducharme and P. Vincent and C. Jauvin},
  title = {A neural probabilistic language model.},
  journal = {Journal of Machine Learning Research},
  year = {2003},
  volume = {3},
  pages = {1137--1155}
}

@ELECTRONIC{bloom1998spc,
  author = {C. Bloom},
  year = {1998},
  title = {Solving the Problems of Context Modeling},
  howpublished = {\url{http://www.cbloom.com/papers/index.html}},
  url = {http://www.cbloom.com/papers/index.html},
  owner = {ucabjga},
  timestamp = {2009.05.28}
}

@ARTICLE{BolSzn1998,
  author = {E. Bolthausen and A. S. Sznitman},
  title = {On Ruelle's Probability Cascades and an Abstract Cavity Method},
  journal = {Communications in Mathematical Physics},
  year = {1998},
  volume = {197},
  pages = {247-276}
}

@ARTICLE{Chen:CSL99,
  author = {Chen, S. F. and Goodman, J.},
  title = {{An empirical study of smoothing techniques for language modeling}},
  journal = {Computer Speech and Language},
  year = {1999},
  volume = {13},
  pages = {359--394},
  number = {4}
}

@TECHREPORT{chen1998ess,
  author = {Stanley F. Chen and Joshua Goodman},
  title = {An Empirical Study of Smoothing Techniques for Language Modelling},
  institution = {Computer Science Group, Harvard University},
  year = {1998},
  owner = {ucabjga},
  timestamp = {2009.05.28}
}

@ARTICLE{cleary1984dca,
  author = {Cleary, J. and Witten, I.},
  title = {Data Compression Using Adaptive Coding and Partial String Matching},
  journal = {IEEE Transactions on Communications},
  year = {1984},
  volume = {32},
  pages = {396--402},
  number = {4},
  owner = {ucabjga},
  timestamp = {2009.05.28}
}

@ARTICLE{cleary95unboundedlength,
  author = {J. G. Cleary and W. J. Teahan},
  title = {Unbounded length contexts for {PPM}},
  journal = {The Computer Journal},
  year = {1997},
  volume = {40},
  pages = {67-75}
}

@other{ppmzforlinux,
    author = {H. Peltola and J. Tarhio},
    year = {2002},
    howpublished = {URL: \url{http://cs.hut.fi/u/tarhio/ppmz}}
}

@other{ctwresults,
    author = {F. M. J. Willems},
    title = {{CTW} Website},
    year = {2009},
    howpublished = {URL: \url{http://www.ele.tue.nl/ctw/}}
}

@other{largetext,
    author = {M. Mahoney},
    year = {2009},
    title = {Large Text Compression Benchmark},
    howpublished = {URL: \url{http://www.mattmahoney.net/text/text.html}}
}

@other{hutter,
    author = {M. Hutter},
    year = {2006},
    title = {Prize for Compression Human Knowledge},
    howpublished = {URL: \url{http://prize.hutter1.net/}}
}

@inproceedings{canterbury,
  title={{A corpus for the evaluation of lossless compression algorithms}},
  author={Arnold, R. and Bell, T.},
  booktitle={Data Compression Conference, 1997. Proceedings},
  pages={201--210},
  year={1997}
}


@article{bunton1997smi,
  title={{Semantically Motivated Improvements for PPM Variants}},
  author={Bunton, S.},
  journal={The Computer Journal},
  volume={40},
  number={2/3},
  year={1997}
}

@PHDTHESIS{cowans2006pdm,
  author = {Philip J. Cowans},
  title = {Probabilistic Document Modelling},
  school = {University of Cambridge},
  year = {2006},
  owner = {ucabjga},
  timestamp = {2009.05.28}
}

@INPROCEEDINGS{Goodman:UAI08,
  author = {N. D. Goodman and V. K. Mansinghka and D. Roy and K. Bonawitz and
	J. B. Tenenbaum},
  title = {Church: a language for generative models},
  booktitle = {Uncertainty and Artificial Intelligence},
  year = {2008},
  note = {to appear}
}

@UNPUBLISHED{HoJames,
  author = {M. W. Ho and L. F. James and J. W. Lau},
  title = {Coagulation Fragmentation Laws Induced By General Coagulations of
	Two-Parameter {P}oisson-{D}irichlet Processes},
  note = {http://arxiv.org/abs/math.PR/0601608},
  year = {2006}
}

@PHDTHESIS{howard1993dae,
  author = {P. G. Howard},
  title = {The Design and Analysis of Efficient Lossless Data Compression Systems},
  school = {Department of Computer Science, Brown University},
  year = {1993},
  owner = {ucabjga},
  timestamp = {2009.05.28}
}

@ARTICLE{Ishwaran:JASA01,
  author = {H. Ishwaran and L. F. James},
  title = {Gibbs Sampling Methods for Stick-Breaking Priors},
  journal = {Journal of American Statistical Association},
  year = {2001},
  volume = {96},
  pages = {161-173},
  number = {453}
}

@CONFERENCE{kneser1995ibo,
  author = {Kneser, R. and Ney, H.},
  title = {Improved backing-off for $m$-gram language modeling},
  booktitle = {Proceedings of the {IEEE} International Conference on Acoustics,
	Speech, and Signal Processing},
  year = {1995},
  volume = {1},
  pages = {181--184}
}

@ARTICLE{Michie:NATURE68,
  author = {D. Michie},
  title = {Memo Functions and Machine Learning},
  journal = {Nature},
  year = {1968},
  volume = {218},
  pages = {19--22}
}

@INPROCEEDINGS{Mnih:NIPS08,
  author = {A. Mnih and G. Hinton},
  title = {A Scalable Hierarchical Distributed Language Model},
  booktitle = {Neural Information Processing Systems 22},
  year = {2009},
  note = {to appear}
}

@INPROCEEDINGS{Mochihashi:NIPS2008,
  author = {D. Mochihashi and E. Sumita},
  title = {The Infinite {M}arkov Model},
  booktitle = {Advances in Neural Information Processing Systems 20},
  year = {2008},
  pages = {1017--1024}
}

@ARTICLE{moffat1990ipd,
  author = {Moffat, A.},
  title = {Implementing the {PPM} data compression scheme},
  journal = {{IEEE} Transactions on Communications},
  year = {1990},
  volume = {38},
  pages = {1917--1921},
  number = {11}
}

@PHDTHESIS{Perman1990,
  author = {M. Perman},
  title = {Random Discrete Distributions Derived from Subordinators},
  school = {Department of Statistics, University of California at Berkeley},
  year = {1990}
}

@ARTICLE{PerPitYor1992,
  author = {M. Perman and J. Pitman and M. Yor},
  title = {Size-biased sampling of {P}oisson point processes and excursions},
  journal = {Probability Theory and Related Fields},
  year = {1992},
  volume = {92},
  pages = {21-39},
  number = {1}
}

@INCOLLECTION{Pitman:SPGT96,
  author = {J. Pitman},
  title = {Some developments of the {B}lackwell-{M}ac{Q}ueen urn scheme},
  booktitle = {Statistics Probability and Game Theory; Papers in honor of {D}avid
	{B}lackwell},
  publisher = {Institute of Mathematical Statistics},
  year = {1996},
  editor = {T. S. Ferguson and L. S. Shapley and J. B. MacQueen},
  series = {Lecture Notes -- Monograph Series},
  pages = {245-267}
}

@TECHREPORT{Pitman,
  author = {J. Pitman},
  title = {Combinatorial Stochastic Processes},
  institution = {Department of Statistics, University of California at Berkeley},
  year = {2002},
  number = {621},
  note = {Lecture notes for St. Flour Summer School}
}

@ARTICLE{Pitman1999,
  author = {J. Pitman},
  title = {Coalescents with Multiple Collisions},
  journal = {Annals of Probability},
  year = {1999},
  volume = {27},
  pages = {1870-1902}
}

@ARTICLE{Pitman:PTRF95,
  author = {J. Pitman},
  title = {Exchangeable and Partially Exchangeable Random Partitions},
  journal = {Probability Theory and Related Fields},
  year = {1995},
  volume = {102},
  pages = {145-158},
  number = {2}
}

@ARTICLE{Pitman:AP97,
  author = {J. Pitman and M. Yor},
  title = {The Two-Parameter {P}oisson-{D}irichlet Distribution Derived from
	a Stable Subordinator},
  journal = {Annals of Probability},
  year = {1997},
  volume = {25},
  pages = {855-900}
}

@ARTICLE{RonSinTis1997,
  author = {D. Ron and Y. Singer and N. Tishby},
  title = {The Power of Amnesia: Learning Probabilistic Automata with Variable
	Memory Length},
  journal = {Machine Learning},
  year = {1997},
  volume = {25},
  pages = {237-262}
}


@article{mackayp95,
  author = 	 {D. J. C. Mac{K}ay and L.C. Bauman~Peto},
  title = 	 {A hierarchical {D}irichlet language model},
  journal = 	 {Natural language engineering},
  year = 	 {1995},
  volume = 	 {1},
  number = 	 {2},
  pages = 	 {289--307},
}

@inproceedings{goldwaterj06,
	author = "S. Goldwater and T. L. Griffiths and M. Johnson",
	year = "2006",
	title = "Interpolating between types and tokens by estimating power law generators.", 
 	booktitle	=  {Advances in Neural Information Processing Systems
		  18},
  publisher	=  {MIT Press},
	pages = {459--466}
}

@INPROCEEDINGS{Sudderth:NIPS09,
  author = {E. B. Sudderth and M.~I. Jordan},
  title = {Shared Segmentation of Natural Scenes Using Dependent Pitman-Yor
	Processes},
  booktitle = {Neural Information Processing Systems 22},
  year = {2009},
  note = {to appear}
}

@INPROCEEDINGS{Teh:ACL06,
  author = {Y. W. Teh},
  title = {A Hierarchical {B}ayesian Language Model based on {P}itman-{Y}or
	Processes},
  booktitle = {Proceedings of the Association for Computational Linguistics},
  year = {2006},
  pages = {985-992}
}

@ARTICLE{Teh:JASA06,
  author = {Y. W. Teh and M. I. Jordan and M. J. Beal and D. M. Blei},
  title = {Hierarchical {D}irichlet Processes},
  journal = {Journal of the American Statistical Association},
  year = {2006},
  volume = {101},
  pages = {1566-1581},
  number = {476}
}

@ARTICLE{Ukkonen:ALGA05,
  author = {E. Ukkonen},
  title = {On-line construction of suffix trees},
  journal = {Algorithmica},
  year = {1995},
  volume = {14},
  pages = {249--260}
}

@INPROCEEDINGS{Ukkonen:ASAIP92,
  author = {E. Ukkonen},
  title = {Construction of suffix trees on-line in linear time},
  booktitle = {Proc. Information Processing 92: Algorithms, Software, Architecture},
  year = {1992},
  volume = {1},
  pages = {484--492},
  publisher = {Elsevier}
}

@INPROCEEDINGS{Weiner:IEEE73,
  author = {P. Weiner},
  title = {Linear pattern matching algorithms},
  booktitle = {IEEE 14th Annual Symposium on Switching and Automata Theory},
  year = {1973},
  pages = {1--11}
}

@CONFERENCE{wood2009sms,
  author = {F. Wood and C. Archambeau and J. Gasthaus and L.
	James and Y. W. Teh},
  title = {A Stochastic Memoizer for Sequence Data},
  booktitle = {Proceedings of the 26th International Conference on Machine Learning},
  year = {2009},
  address = {Montreal, Canada},
  owner = {ucabjga},
  timestamp = {2009.05.28}
}

@INPROCEEDINGS{WooTeh2009,
  author = {F. Wood and Y. W. Teh},
  title = {A Hierarchical Nonparametric {B}ayesian Approach to Statistical Language
	Model Domain Adaptation},
  booktitle = {JMLR Workshop and Conference Proceedings: AISTATS 2009},
  year = {2009},
  volume = {5},
  pages = {607--614}
}


@techreport{teh2006bii,
author=         "Y. W. Teh",
title=          "A {B}ayesian Interpretation of Interpolated {K}neser-{N}ey",
number=         "TRA2/06",
institution=    "School of Computing, National University of Singapore",
year=           "2006"
}


@ARTICLE{Yamamoto:COMPLING01,
  author = {Mikio Yamamoto and Kenneth W. Church},
  title = {Using suffix arrays to compute term frequency and document frequency
	for all substrings in a corpus},
  journal = {Computational Linguistics},
  year = {2001},
  volume = {27},
  pages = {1--30},
  number = {1},
  address = {Cambridge, MA, USA},
  doi = {http://dx.doi.org/10.1162/089120101300346787},
  issn = {0891-2017},
  publisher = {MIT Press}
}


@ARTICLE{rissanen1986csc,
title={Complexity of strings in the class of {M}arkov sources},
author={Rissanen, J.},
journal={{IEEE} Transactions on Information Theory},
year={1986},
month={Jul},
volume={32},
number={4},
pages={526--532},
}

@article{giegerich1997uma,
  title={{From Ukkonen to McCreight and Weiner: A unifying view of linear-time suffix tree construction}},
  author={Giegerich, R. and Kurtz, S.},
  journal={Algorithmica},
  volume={19},
  number={3},
  pages={331--353},
  year={1997},
  publisher={Springer}
}

@conference{sanborn2006mrm,
  title={A more rational model of categorization},
  author={Sanborn, A. N. and Griffiths, T. L. and Navarro, D. J.},
  booktitle={Proceedings of the 28th annual conference of the cognitive science society},
  pages={726--731},
  year={2006}
}


@article{hinton1994amd,
  title={{Autoencoders, minimum description length, and Helmholtz free energy}},
  author={Hinton, G. E. and Zemel, R. S.},
  journal={Advances in Neural Information Processing Systems 6},
  pages={3--10},
  year={1994},
  publisher={Citeseer}
}

@article{anderson1992eib,
  title={Explorations of an incremental, {B}ayesian algorithm for categorization},
  author={Anderson, J. R. and Matessa, M.},
  journal={Machine Learning},
  volume={9},
  number={4},
  pages={275--308},
  year={1992},
  publisher={Springer}
}
@conference{martin1979rea,
  title={{Range encoding: an algorithm for removing redundancy from a digitised message}},
  author={Martin, G. N. N.},
  booktitle={Video \& Data Recoding Conference, Southampton},
  year={1979}
}

@article{huffman2006mcm,
  title={{A method for the construction of minimum-redundancy codes}},
  author={Huffman, D. A.},
  journal={Resonance},
  volume={11},
  number={2},
  pages={91--99},
  year={2006},
  publisher={Springer}
}

@article{witten1987acd,
  title={Arithmetic coding for data compression},
  author={Witten, I. H. and Neal, R. M. and Cleary, J. G.},
  journal={Communications of the ACM},
  volume={30},
  number={6},
  pages={520--540},
  year={1987},
  publisher={Association for Computing Machinery}
}

@article{ctwbasic, 
    title = {The Context-Tree Weighting Method: Basic Properties},
    author ={F. M. J. Willems and  Y. M. Shtarkov and Tj. J. Tjalkens},
    year = {1995}, 
    journal = {{IEEE} Transactions on Information Theory},
    pages = {653--664},
    volume={41},
  number={3}
}

@article{ctwextensions,
  title={{The context-tree weighting method: Extensions}},
  author={Willems, F. M. J.},
  journal={IEEE Transactions on Information Theory},
  volume={44},
  number={2},
  pages={792--798},
  year={1998},
  publisher={Citeseer}
}

@article{ppmchinese, 
    author = {Peilang Wu and W. J. Teahan}, 
    title = {A new {PPM} variant for {C}hinese text compression}, 
    year = {2007}, 
    journal = {Natural Language Engineering}, 
    volume = {14}, 
    number = {3},
    pages = {417--430}
}



@comment{jabref-meta: selector_publisher:}

@comment{jabref-meta: selector_author:}

@comment{jabref-meta: selector_journal:}

@comment{jabref-meta: selector_keywords:}

