@inproceedings{Berkes-2008-NIPS,
	Author = {P. Berkes and J.W. Pillow and F. Wood},
	Booktitle = {Advances in Neural Information Processing Systems},
	Pages = {129 -- 136},
	Title = {Characterizing neural dependencies with {P}oisson copula models},
	Year = {2009}}
