@article{Dewar-2012-IEEE,
	Author = {M. Dewar and C. Wiggins and F. Wood},
	Journal = {IEEE Signal Processing Letters},
	Pages = {To Appear},
	Title = {Inference in Hidden {M}arkov Models with Explicit State Duration Distributions},
	Volume = {},
	Year = {2012}}
