@article{Grollman-2006-JFR,
	Author = {D. H. Grollman and O. C. Jenkins and F. Wood},
	Journal = {Journal of Field Robotics},
	Pages = {1077--1089},
	Title = {Discovering natural kinds of robot sensory experiences in unstructured environments},
	Volume = {23},
	Year = {2006}}
