@inproceedings{Perotte-2012-NIPS,
        Author = {A. Perotte and N. Bartlett No{\i}emie Elhadad and F. Wood},
        Booktitle = {Advances in Neural Information Processing Systems},
        Title = {Hierarchically Supervised Latent Dirichlet Allocation},
        Year = {2012},
	Pages = {to appear}}
