@inproceedings{Pfau-2011-NIPS,
        Author = {D. Pfau and N. Bartlett and F. Wood},
        Booktitle = {Advances in Neural Information Processing Systems},
        Title = {Probabilistic Deterministic Infinite Automata},
        Year = {2011},
	Pages = {1930--1938}}
