@techreport{Wood-2008-TECHREPORT,
	Author = {F. Wood and D.H. Grollman and K.A. Heller and O.C. Jenkins and M.J. Black},
	Institution = {Brown University, Department of Computer Science},
	Number = {CS-08-07},
	Title = {Incremental Nonparametric {B}ayesian regression},
	Year = {2008}}
