@inproceedings{Wood-2005-NIPS,
	Author = {F. Wood and S. Roth and M.~J. Black},
	Booktitle = {Advances in Neural Information Processing Systems},
	Pages = {1537--1544},
	Title = {Modeling neural population spiking activity with {G}ibbs distributions},
	Year = {2005}}
