@inproceedings{Wood-2006-EMBS,
	Author = {F. Wood and S.~Goldwater and M.~J. Black},
	Booktitle = {Proceedings of the 28th IEEE Conference on Engineering in Medicine and Biological Systems},
	Pages = {1165--1169},
	Title = {A Non-Parametric {B}ayesian Approach to Spike Sorting},
	Year = {2006}}
