@inproceedings{Wood-2008-ICMLNPBAYES,
	Author = {F. Wood and Y.W. Teh},
	Booktitle = {ICML/UAI Nonparametric {B}ayes Workshop},
	Title = {A Hierarchical, Hierarchical {P}itman {Y}or Process Language Model},
	Year = {2008}}
