@inproceedings{Wood-2009-ICML,
	Author = {F. Wood and C. Archambeau and J. Gasthaus and L. James and Y.W. Teh},
	Booktitle = {Proceedings of the 26th International Conference on Machine Learning},
	Pages = {1129--1136},
	Title = {A Stochastic Memoizer for Sequence Data },
	Year = {2009}}
