@article{Wood-2004-TBME,
	Author = {F. Wood and M. Fellows and C. Vargas-Irwin and M.~J. Black and J.~P. Donoghue},
	Journal = {IEEE Transactions in Biomedical Engineering},
	Pages = {912-918},
	Title = {On the Variability of Manual Spike Sorting},
	Volume = {51},
	Year = {2004}}
